<?xml version="1.0" encoding="UTF-8"?><collection xmlns="http://www.loc.gov/MARC21/slim"><record><leader>00369nam--2200121-i-4500</leader><controlfield tag="001">000004696</controlfield><controlfield tag="002">20161230</controlfield><controlfield tag="005">20161230201026</controlfield><controlfield tag="008">060222s1000------------r-----000-0-eng-d</controlfield><datafield ind1=" " ind2=" " tag="100"><subfield code="a">Abrikosov, A.I</subfield></datafield><datafield ind1=" " ind2=" " tag="245"><subfield code="a">Strukov, a.i</subfield></datafield><datafield ind1=" " ind2=" " tag="260"><subfield code="a">Anatomia Patologica. Partea A Ii-a. Anatomia Patologica Si Patogenia Bolilor</subfield></datafield><datafield ind1=" " ind2=" " tag="490"><subfield code="a">Bucuresti, Editura Medicala, 1956 518 P. , 273 Fig</subfield></datafield></record></collection>